<?xml version="1.0" encoding="UTF-8"?><record xmlns="http://www.loc.gov/MARC21/slim" xmlns:cinclude="http://apache.org/cocoon/include/1.0" xmlns:zs="http://www.loc.gov/zing/srw/">
  <leader>00440cz  a2200145n  4500</leader>
  <controlfield tag="001">n  96019469 </controlfield>
  <controlfield tag="003">DLC</controlfield>
  <controlfield tag="005">20001108070350.0</controlfield>
  <controlfield tag="008">960301n| acannaabn          |a aaa      </controlfield>
  <datafield tag="010" ind1=" " ind2=" ">
    <subfield code="a">n  96019469 </subfield>
  </datafield>
  <datafield tag="035" ind1=" " ind2=" ">
    <subfield code="a">(OCoLC)oca04020418</subfield>
  </datafield>
  <datafield tag="040" ind1=" " ind2=" ">
    <subfield code="a">DLC</subfield>
    <subfield code="b">eng</subfield>
    <subfield code="c">DLC</subfield>
    <subfield code="d">OCoLC</subfield>
  </datafield>
  <datafield tag="100" ind1="1" ind2=" ">
    <subfield code="a">Montserrat Marti, Gabriel</subfield>
  </datafield>
  <datafield tag="400" ind1="1" ind2=" ">
    <subfield code="a">Marti, Gabriel Montserrat</subfield>
  </datafield>
  <datafield tag="670" ind1=" " ind2=" ">
    <subfield code="a">Cata휍혖logo flori휍혖stico del macizo de Cotiella ... 1987:</subfield>
    <subfield code="b">t.p. (Gabriel Montserrat Marti)</subfield>
  </datafield>
</record>